@misc{adobe_ecommerce_platforms,
  author = {Adobe},
  title  = {What is an Ecommerce Platform?},
  year   = {2021},
  url    = {https://business.adobe.com/blog/basics/ecommerce-platforms},
  note   = {Visitado: 22/04/2025}
}

@misc{sharetribe_marketplac_platforms,
  author = {Sharetribe, Mira Muurinen},
  title  = {What is a marketplace?},
  year   = {2024},
  url    = {https://www.sharetribe.com/how-to-build/what-is-a-marketplace/},
  note   = {Visitado: 25/04/2025}
}

@misc{modelos_distirbucion,
  author = {Wikipeda},
  title  = {Software as a service},
  year   = {2024},
  url    = {https://es.wikipedia.org/wiki/Software_as_a_service},
  note   = {Visitado: 26/04/2025}
}

@misc{web_vs_desktop,
  author = {Mariano Gendra},
  title  = {Aplicaciones Web Vs Aplicaciones de Escritorio},
  year   = {2021},
  url    = {https://marianogendra.com.ar/Articulos/aplicaciones-web-vs-escritorio},
  note   = {Visitado: 26/04/2025}
}

@article{evo_web,
  author  = {Panwar, Vijay},
  year    = {2024},
  month   = {02},
  pages   = {34-40},
  title   = {Web Evolution to Revolution: Navigating the Future of Web Application Development},
  volume  = {72},
  journal = {International Journal of Computer Trends and Technology},
  doi     = {10.14445/22312803/IJCTT-V72I2P107}
}